<?xml version="1.0" encoding="UTF-8"?><collection xmlns="http://www.loc.gov/MARC21/slim"><record><leader>00527nam--2200205-u-4500</leader><controlfield tag="001">000050622</controlfield><controlfield tag="002">20161230</controlfield><controlfield tag="003">81936</controlfield><controlfield tag="005">20161230201048</controlfield><controlfield tag="008">080218s1000------------r-----000-0-eng-d</controlfield><datafield ind1=" " ind2=" " tag="020"><subfield code="a">0-07-282256-2</subfield></datafield><datafield ind1=" " ind2=" " tag="040"><subfield code="a">IFIN-HH</subfield></datafield><datafield ind1="0" ind2=" " tag="100"><subfield code="a">Quinn, Michael J</subfield></datafield><datafield ind1="1" ind2="0" tag="245"><subfield code="a">Parallel Programming in C with MPI and OpenMP</subfield></datafield><datafield ind1=" " ind2=" " tag="260"><subfield code="a">New York</subfield><subfield code="b">McGraw-Hill</subfield><subfield code="c">2004</subfield></datafield><datafield ind1=" " ind2=" " tag="300"><subfield code="a">529 p</subfield></datafield><datafield ind1=" " ind2=" " tag="504"><subfield code="a">Index</subfield></datafield><datafield ind1=" " ind2="0" tag="650"><subfield code="a">Parallel programming (Computer science)</subfield></datafield><datafield ind1=" " ind2=" " tag="852"><subfield code="a">81936</subfield><subfield code="c">681.3</subfield></datafield><datafield ind1=" " ind2=" " tag="CAT"><subfield code="a">Sys</subfield><subfield code="c">20080807</subfield><subfield code="h">093445</subfield></datafield></record></collection>